@article{peixoto:14,
         title = {The graph-tool python library},
         url = {http://figshare.com/articles/graph_tool/1164194},
         doi = {10.6084/m9.figshare.1164194},
         urldate = {2014-09-10},
         journal = {figshare},
         author = {Peixoto, Tiago P.},
         year = {2014},
         keywords = {all, complex networks, graph, network, other}}
     
@misc{barabasi:20,
      author   = {Albert-László Barabási},
      title    = {Network Science Datasets},
      year     = {2020},
      crossref = {http://networksciencebook.com/translations/en/resources/data.html}
}